@article{mejias2011gain,
  title={Gain-of-function glutamate receptor interacting protein 1 variants alter GluA2 recycling and surface distribution in patients with autism},
  author={Mejias, Rebeca and Adamczyk, Abby and Anggono, Victor and Niranjan, Tejasvi and Thomas, Gareth M and Sharma, Kamal and Skinner, Cindy and Schwartz, Charles E and Stevenson, Roger E and Fallin, M Daniele and others},
  journal={Proceedings of the National Academy of Sciences},
  volume={108},
  number={12},
  pages={4920--4925},
  year={2011},
  publisher={National Acad Sciences}
}

@article{feng2009organization,
  title={Organization and dynamics of PDZ-domain-related supramodules in the postsynaptic density},
  author={Feng, Wei and Zhang, Mingjie},
  journal={Nature Reviews Neuroscience},
  volume={10},
  number={2},
  pages={87--99},
  year={2009},
  publisher={Nature Publishing Group}
}

@article{takamiya2008glutamate,
  title={The glutamate receptor-interacting protein family of GluR2-binding proteins is required for long-term synaptic depression expression in cerebellar Purkinje cells},
  author={Takamiya, Kogo and Mao, Lifang and Huganir, Richard L and Linden, David J},
  journal={The Journal of Neuroscience},
  volume={28},
  number={22},
  pages={5752--5755},
  year={2008},
  publisher={Soc Neuroscience}
}

@article{dong1997grip,
  title={GRIP: a synaptic PDZ domain-containing protein that interacts with AMPA receptors},
  author={Dong, Hualing and O'Brien, Richard J and Fung, Eric T and Lanahan, Anthony A and Worley, Paul F and Huganir, Richard L},
  year={1997},
  publisher={Nature Publishing Group}
}

@article{kim2004pdz,
  title={PDZ domain proteins of synapses},
  author={Kim, Eunjoon and Sheng, Morgan},
  journal={Nature Reviews Neuroscience},
  volume={5},
  number={10},
  pages={771--781},
  year={2004},
  publisher={Nature Publishing Group}
}


@unpublished{yarra,
  title = {Yarra Valley Network},
  year = 2016,
  url = { http://www.yarravalley.vic.edu.au/moodle/course/view.php?id=12},
  note = {Accessed: \today}
}

@article{tarpey2004mutations,
  title={Mutations in the DLG3 gene cause nonsyndromic X-linked mental retardation},
  author={Tarpey, Patrick and Parnau, Josep and Blow, Matthew and Woffendin, Hayley and Bignell, Graham and Cox, Charles and Cox, James and Davies, Helen and Edkins, Sarah and Holden, Simon and others},
  journal={The American Journal of Human Genetics},
  volume={75},
  number={2},
  pages={318--324},
  year={2004},
  publisher={Elsevier}
}

@article{smith1996isolation,
  title={Isolation of a gene (DLG3) encoding a second member of the discs-large family on chromosome 17q12--q21},
  author={Smith, Simon A and Holik, Pilar and Stevens, Jeff and Mazoyer, Sylvie and Melis, Roberta and Williams, Briana and White, Ray and Albertsen, Hans},
  journal={Genomics},
  volume={31},
  number={2},
  pages={145--150},
  year={1996},
  publisher={Elsevier}
}

@article{sheng2001pdz,
  title={PDZ domains and the organization of supramolecular complexes},
  author={Sheng, Morgan and Sala, Carlo},
  journal={Annual review of neuroscience},
  volume={24},
  number={1},
  pages={1--29},
  year={2001},
  publisher={Annual Reviews 4139 El Camino Way, PO Box 10139, Palo Alto, CA 94303-0139, USA}
}

@article{mathivanan2006evaluation,
  title={An evaluation of human protein-protein interaction data in the public domain},
  author={Mathivanan, Suresh and Periaswamy, Balamurugan and Gandhi, TKB and Kandasamy, Kumaran and Suresh, Shubha and Mohmood, Riaz and Ramachandra, YL and Pandey, Akhilesh},
  journal={BMC bioinformatics},
  volume={7},
  number={5},
  pages={1},
  year={2006},
  publisher={BioMed Central}
}


